2025 3050
473 25 486 46 Ι
526 38 529 57 ι

167 60 170 82 l

150 129 204 222 343
252 189 261 208 .,
358 163 373 201 s
406 141 649 205 nocturnus
765 129 787 146 “
852 143 921 215 ω)

152 271 193 314 cns
206 259 279 328 Quin
290 269 319 309 tn
328 251 398 307 audi.
417 269 454 304 ut.
466 253 519 302 imo
536 251 673 318 ingenium
688 242 758 299 aridi
766 244 841 296 baud
852 265 920 314 per.

258 317 262 325 ¹
469 357 471 361 -
484 335 576 368 noram
586 317 703 382 hospitis.
720 373 729 382 ἱ
779 365 783 372 ,

152 413 196 450 cn.
206 389 342 460 Postquam
353 404 446 439 aurum
455 387 622 448 abstulimus,
643 387 671 434 in
683 399 777 433 navem
788 398 920 454 consten-

132 469 147 478 ‘
272 488 281 498 x
484 454 586 516 dimns‚-
597 461 604 474 ¹
656 472 663 480 ’
675 464 679 470 ’
794 471 800 476 ·

152 532 267 584 Domum
277 523 420 591 cupientes.
437 521 505 586 ¹forte
517 533 546 570 ut
556 517 639 570 assedi
650 521 678 568 in
688 531 769 584 stega,
778 518 781 520 ’

151 599 221 650 Dum
232 595 427 657 circumspecto,
438 589 515 654 atoue
527 606 573 654 ego
583 587 702 643 lembum
717 587 869 654 conspicor:

150 663 270 728 Loirgum
282 671 319 709 est
329 661 443 726 rigorem
453 657 602 706 maleficum
613 657 770 705 exornat-ier.

150 749 187 784 m·
199 729 269 780 Perii
282 728 377 777 hercle.
402 723 503 774 lembus
515 724 559 771 ille
568 723 636 772 mihi
647 721 728 773 laedit
738 724 815 773 latus.

151 815 193 850 cu.
204 799 228 846 Is
240 807 292 844 erat
303 795 449 852 communis
461 808 522 842 cum
532 791 632 858 hospite
649 803 675 840 et
683 789 873 856 praedonibus.

149 885 186 920 ur.
196 860 300 913 Adeon’
312 881 354 912 me
364 862 442 910 fuisse
451 859 572 926 fungum,
584 861 668 926 utqui
680 861 721 908 illi
733 857 883 914 crederem!

150 933 220 984 Cum
230 930 296 980 mihi
307 933 392 995 ipsum
403 945 498 978 nomen
513 929 569 978 eius
584 925 782 984 Archidemidis

40 1017 47 1034 ¹
101 1039 104 1046 .
151 1001 289 1058 Clamaret,
306 997 475 1064 dempturum
485 1011 548 1057 esse,
563 995 585 1043 si
595 994 659 1062 qnid
669 994 813 1046 crederem·
863 994 867 999 “

150 1085 191 1118 ctt.
202 1068 226 1118 Is
236 1066 339 1117 lembus
349 1076 448 1115 nostrae
459 1063 519 1114 navi
530 1061 730 1112 insidiasslabat.

113 1175 117 1180 ,
151 1135 264 1200 Occoepi
276 1153 322 1200 ego
334 1133 469 1183 observare
480 1149 530 1193 eos,
543 1149 622 1195 quum
630 1148 689 1181 rem
700 1140 801 1199 gerant.

150 1204 250 1252 Interea
261 1219 274 1250 e
284 1213 359 1266 portu
369 1211 454 1247 nostra
465 1199 539 1246 navis
550 1199 669 1248 solvitur.
685 1216 688 1220 ·

114 1269 118 1274 ’
150 1270 204 1320 Vbi
215 1279 290 1336 portu
302 1268 421 1328 emimus,
432 1265 553 1315 homiues
563 1267 677 1333 remigio
687 1268 769 1333 sequi,
848 1268 858 1276 “

137 1367 139 1372 -
150 1337 243 1402 Neque
257 1353 324 1400 auos,
335 1350 419 1400 neque
430 1335 500 1383 renti
511 1334 594 1384 eitius.
622 1337 746 1400 qnoniam
757 1335 834 1384 sentio
850 1376 853 1382 ,

151 1405 224 1469 Quae
234 1421 273 1454 res
285 1414 425 1468 gereretur,
437 1419 530 1452 navem
541 1404 670 1468 extemplo
685 1405 826 1453 stantium.

152 1471 284 1536 Quoniam
294 1471 384 1520 vident
393 1487 439 1518 nos
449 1480 523 1532 stare,
536 1481 691 1537 occeperunt
705 1483 788 1521 ratem

146 1538 266 1587 vTurbare
278 1538 305 1585 in
315 1546 401 1601 portu.
422 1552 459 1585 ut.
471 1536 566 1605 edepol
576 1540 698 1589 mortales
709 1536 804 1590 malos!

151 1600 228 1673 Quiti
239 1605 351 1669 <lenique
366 1601 462 1670 agitis?
477 1602 529 1655 'cta-
545 1622 649 1657 rursum
666 1609 693 1676 iu
708 1618 815 1673 portum
824 1604 896 1656 reci·
970 1644 977 1648 -

484 1690 582 1741 prmus.
610 1735 613 1740 .
850 1687 854 1692 ’

150 1756 189 1789 ru.
199 1736 334 1805 Sapienter
343 1736 465 1791 factum'e
475 1740 558 1790 vobis.
583 1740 648 1806 quid
658 1738 697 1791 ult
708 1740 813 1808 postea?

150 1822 192 1856 cn.
203 1806 388 1859 Revorsionem
398 1806 430 1859 ad
439 1820 536 1857 terram
545 1808 644 1858 faciunt
658 1812 769 1875 vesperi.

84 1936 86 1941 Ι
139 1890 188 1945 m.
198 1872 300 1926 Aurum
312 1876 399 1927 hercle
410 1876 512 1929 auferre
523 1878 642 1942 voluere,
663 1878 688 1928 ei
697 1878 736 1928 rei
746 1893 856 1945 operam
865 1876 919 1929 da·
959 1882 966 1888 ’

203 1999 206 2003 ,
424 1976 428 1983 x
485 1944 557 1995 bant.
810 1996 815 2000 .

151 2022 195 2058 cn.
204 2010 265 2059 Non
275 2028 318 2061 me
329 2012 430 2075 fefellit,
442 2014 522 2061 sensi:
543 2028 574 2061 eo
585 2014 743 2063 exanimatus
750 2011 802 2062 tui.

152 2076 284 2139 Quoniam
295 2078 412 2126 videmus
424 2096 485 2126 auro
497 2078 604 2129 insidias
613 2083 681 2143 fieri,

153 2140 277 2204 Cepimus
285 2144 427 2195 ¹eonsilium
440 2146 571 2209 continuo,
580 2148 707 2213 postridie
783 2140 790 2148 ’

151 2206 306 2260 Arrfcrimus
317 2208 378 2257 inde
390 2224 483 2259 autrum
494 2228 571 2261 omne
581 2216 634 2265 illis
644 2210 828 2283 praesentibus,

151 2272 243 2323 Palam
252 2282 327 2340 atque
338 2286 431 2343 aperte,
444 2288 473 2325 ut
483 2277 523 2328 illi
534 2278 562 2328 id
571 2280 669 2333 factum
685 2284 832 2332 sciscerent.

148 2354 187 2389 ur.
199 2339 267 2389 Seite
278 2342 373 2392 hercle.
395 2344 466 2406 ee‹l'o‚
478 2346 541 2412 quid
551 2348 609 2399 illi?
620 2366 661 2400 cn.
672 2352 758 2399 tristes
770 2350 850 2411 inico,

150 2406 240 2468 Quom
251 2412 379 2477 extemplo
389 2432 402 2462 a
412 2424 488 2478 portu
499 2416 535 2462 ire
545 2432 591 2464 nos
603 2432 664 2465 cum
674 2432 738 2466 auro
748 2416 850 2469 rident·

151 2469 307 2523 Subducunt
316 2478 436 2529 lembum
448 2480 573 2547 capitibus
584 2482 776 2549 qtrassnntiBus.

149 2534 204 2614 ⁸⁰?
215 2537 284 2613 ‚²de
294 2542 461 2595 Theotimum
478 2564 555 2596 omne
566 2568 660 2600 aurum
675 2550 860 2618 deposuimtm,

150 2600 204 2664 Qut
215 2602 271 2651 tllrc
281 2612 395 2661 sacerdos
407 2623 444 2661 est
453 2612 551 2663 Dianae
565 2616 703 2681 Ephesiae.

151 2676 186 2715 ttt.
198 2666 252 2733 Qui
263 2668 481 2728 istie-Theotimus
493 2678 548 2731 est?
568 2674 609 2733 crt'.
620 2682 785 2749 Megalobuli
794 2680 883 2749 titius,
960 2711 970 2724 ,
